@misc{ wiki:latex,
       author = "Wikipedia",
       title = "LaTeX --- Wikipedia{,} La enciclopedia libre",
       year = "2015",
       url = "https://es.wikipedia.org/w/index.php?title=LaTeX&oldid=84209252",
       note = "[Internet; descargado 30-septiembre-2015]"
}

@misc{ wiki:mfcc,
       author = "Wikipedia",
       title = "MFCC --- Wikipedia{,} La enciclopedia libre",
       year = "2019",
       url = "https://es.wikipedia.org/wiki/MFCC",
       note = "[Internet; descargado 16-abril-2019]"
}

@misc{ wiki:jitter,
       author = "Wikipedia",
       title = "Jitter --- Wikipedia{,} La enciclopedia libre",
       year = "2019",
       url = "https://es.wikipedia.org/wiki/Jitter",
       note = "[Internet; descargado 16-abril-2019]"
}



@article{bortolot2005,
  title={Estimating forest biomass using small footprint LiDAR data: An individual tree-based approach that incorporates training data},
  author={Bortolot, Zachary J and Wynne, Randolph H},
  journal={ISPRS Journal of Photogrammetry and Remote Sensing},
  volume={59},
  number={6},
  pages={342--360},
  year={2005},
  publisher={Elsevier}
}

@article{giovanni1,
  title={VoxTester, software for digital evaluation of speech changes in Parkinson disease},
  author={Giovanni Dimauro and Vincenzo Di Nicola and Vitoantonio Bevilacqua and Francesco Girardi and Vito Napoletano},
  journal={Proc. IEEE Int. Symp. Med. Meas. Appl. (MeMeA)},
  pages={1-6},
  year={2016},
  publisher={IEEE},
  DOI={10.1109/MeMeA.2016.7533761}
}

@article{giovanni2,
  title={Assessment of Speech Intelligibility in Parkinson’s Disease Using a Speech-To-Text System},
  author={Giovanni Dimauro and Vincenzo Di Nicola and Vitoantonio Bevilacqua and Danilo Caivano and Francesco Girardi},
  journal={IEEE Access}, 
  pages={22199-22208},
  year={2017},
  publisher={IEEE},
  eid={10.1109/ACCESS.2017.2762475}
}

@article{MxLtSuitability,
  title={Suitability of dysphonia measurements for telemonitoring of Parkinson’s disease},
  author={M. A. Little and P. E. McSharry and E. J. Hunter and J. Spielman and L. O. Ramig},
  journal={IEEE Transactions on Biomedical Engineering}, 
  volume={56},
  pages={1015–1022},
  month={Enero},
  year={2009},
  publisher={IEEE}
}

@article{MxLtAccurate,
  title={Accurate Telemonitoring of Parkinsons Disease Progression by Noninvasive Speech Tests},
  author={A. Tsanas and M. A. Little and P. E. Mcsharry and L. O. Ramig},
  journal={IEEE Transactions on Biomedical Engineering}, 
  volume={57},
  pages={884-893},
  month={Abril},
  year={2010},
  publisher={IEEE}
}

@article{MxLtNovel,
  title={Novel Speech Signal Processing Algorithms for High-Accuracy Classification of Parkinson's Disease},
  author={A. Tsanas and M. A. Little and P. E. Mcsharry and J. Spielman and L. O. Ramig},
  journal={IEEE Transactions on Biomedical Engineering}, 
  volume={59},
  pages={1264-1271},
  month={Mayo},
  year={2012},
  publisher={IEEE}
}

@article{Orz2016,
  title={Automatic detection of Parkinson’s disease in running speech spoken in three different languages},
  author={J. R. Orozco-Arroyave and F. Hönig and J. D. Arias-Londoño and J. F. Vargas-Bonilla and K. Daqrouq and S. Skodda and J. Rusz and E. Nöth},
  journal={The Journal of the Acoustical Society of America}, 
  volume={139},
  pages={481-500},
  month={Enero},
  year={2016}
}

@article{OrzCorpus,
  title={New Spanish speech corpus database for the analysis of people suffering from Parkinson’s disease},
  author={J. R. Orozco-Arroyave and J. D. Arias-Londoño and J. F. Vargas-Bonilla and M. González-Rátiva and E. Nöth},
  journal={Proceedings of the 9th Language Resources and Evaluation Conference (LREC)}, 
  pages={342-347},
  year={2014}
}

@book{datamining,
  author    = {I. H. Witten and E. Frank and M. A. Hall and and  C. J Pal}, 
  title     = {Data Mining: Practical Machine Learning Tools and Techniques},
  publisher = {Morgan Kaufmann},
  year      = 2017,
  edition   = 4
}

@article{DMprocess,
  title={Big data preprocessing: methods and prospects},
  author={Salvador García and Sergio Ramírez-Gallego and Julián Luengo and José Manuel Benítez and Francisco Herrera},
  journal={Big Data Analytics}, 
  volume={1},
  publisher={BioMed Central},
  year={2016}
}

@inproceedings{svmexpl,
author = {Evgeniou, Theodoros and Pontil, Massimiliano},
year = {2001},
month = {01},
pages = {249-257},
journal = {Lecture Notes of Computer Science},
title = {Support Vector Machines: Theory and Applications},
volume = {2049},
doi = {10.1007/3-540-44673-7_12}
}

@article{breiman2001random,
  title={Random forests},
  author={Breiman, Leo},
  journal={Machine learning},
  volume={45},
  number={1},
  pages={5--32},
  year={2001},
  publisher={Springer}
}

@article{CrossVal,
author = {Refaeilzadeh, Payam and Tang, Lei and Liu, Huan},
year = {2009},
month = {01},
pages = {532-538},
title = {Cross-Validation},
volume = {532–538},
journal = {Encyclopedia of Database Systems},
doi = {10.1007/978-0-387-39940-9_565}
}

@article{neurospeech,
  title={NeuroSpeech: An open-source software for Parkinson's speech analysis},
  author={Orozco-Arroyave, Juan Rafael and V{\'a}squez-Correa, Juan Camilo and Vargas-Bonilla, Jes{\'u}s Francisco and Arora, Raman and Dehak, Najim and Nidadavolu, Phani S and Christensen, Heidi and Rudzicz, Frank and Yancheva, Maria and Chinaei, H and others},
  journal={Digital Signal Processing},
  volume={77},
  pages={207--221},
  year={2018},
  publisher={Elsevier}
}

@article{praat,
	author = {Boersma, Paul and Weenink, David},
	year = {2001},
	month = {01},
	pages = {341-345},
	title = {PRAAT, a system for doing phonetics by computer},
	volume = {5},
	journal = {Glot international}
}

@article{parselmouth,
    author = {Yannick Jadoul and Bill Thompson and Bart de Boer},
    title = {Introducing {P}arselmouth: A {P}ython interface to {P}raat},
    journal = {Journal of Phonetics},
    volume = {71},
    pages = {1--15},
    year = {2018},
    doi = {https://doi.org/10.1016/j.wocn.2018.07.001}
}

@book{etsi,
   title = 	 {Speech Processing, Transmission and Quality Aspects (STQ); Distributed speech recognition; Front-end feature extraction algorithm; Compression algorithms},
   publisher = 	 {European Telecommunications Standards Institute},
   year = 	 {2003},
   month = 	 {September},
   volume = {ETSI ES 201 108 V1.1.3},
}

@article{updrs,
  title={Unified Parkinson's disease rating scale},
  author={Fahn, SRLE},
  journal={Recent development in Parkinson's disease},
  year={1987},
  publisher={Macmillan}
}

@article{updrs3,
  title={Factor structure of the Unified Parkinson's Disease Rating Scale: motor examination section},
  author={Stebbins, Glenn T and Goetz, Christopher G},
  journal={Movement disorders: official journal of the Movement Disorder Society},
  volume={13},
  number={4},
  pages={633--636},
  year={1998},
  publisher={Wiley Online Library}
}

@article{hoehn1967,
  title={Parkinsonism: onset, progression, and mortality},
  author={Hoehn, Margaret M and Yahr, Melvin D},
  journal={Neurology},
  volume={17},
  number={5},
  pages={427--427},
  year={1967},
  publisher={Wolters Kluwer Health, Inc. on behalf of the American Academy of Neurology}
}

@article{disartia,
  title={Speech impairment in a large sample of patients with Parkinson’s disease},
  author={Ho, Aileen K and Iansek, Robert and Marigliani, Caterina and Bradshaw, John L and Gates, Sandra},
  journal={Behavioural neurology},
  volume={11},
  number={3},
  pages={131--137},
  year={1999},
  publisher={Hindawi}
}

@article{speechAnalysis,
  title={Quantitative acoustic measurements for characterization of speech and voice disorders in early untreated Parkinson’s disease},
  author={Rusz, J and Cmejla, R and Ruzickova, H and Ruzicka, E},
  journal={The journal of the Acoustical Society of America},
  volume={129},
  number={1},
  pages={350--367},
  year={2011},
  publisher={ASA}
}

@article{phonationfeat,
  title={The Parkinson larynx: tremor and videostroboscopic findings},
  author={Perez, Kathe S and Ramig, Lorraine Olson and Smith, Marshall E and Dromey, Christopher},
  journal={Journal of Voice},
  volume={10},
  number={4},
  pages={354--361},
  year={1996},
  publisher={Elsevier}
}

@article{articulationfeat,
  title={Vowel articulation in Parkinson's disease},
  author={Skodda, Sabine and Visser, Wenke and Schlegel, Uwe},
  journal={Journal of voice},
  volume={25},
  number={4},
  pages={467--472},
  year={2011},
  publisher={Elsevier}
}

@article{emotionfeat,
  title={Emotional speech in Parkinson's disease},
  author={M{\"o}bes, Janine and Joppich, Gregor and Stiebritz, Frank and Dengler, Reinhard and Schr{\"o}der, Christine},
  journal={Movement Disorders},
  volume={23},
  number={6},
  pages={824--829},
  year={2008},
  publisher={Wiley Online Library}
}

@article{bbe,
  title={Analytical expressions for critical-band rate and critical bandwidth as a function of frequency},
  author={Zwicker, Eberhard and Terhardt, Ernst},
  journal={The Journal of the Acoustical Society of America},
  volume={68},
  number={5},
  pages={1523--1525},
  year={1980},
  publisher={ASA}
}

@article{godino2017towards,
  title={Towards the identification of Idiopathic Parkinson’s Disease from the speech. New articulatory kinetic biomarkers},
  author={Godino-Llorente, JI and Shattuck-Hufnagel, S and Choi, JY and Moro-Vel{\'a}zquez, L and G{\'o}mez-Garc{\'\i}a, JA},
  journal={PloS one},
  volume={12},
  number={12},
  pages={e0189583},
  year={2017},
  publisher={Public Library of Science}
}

@article{j2000voice,
  title={Voice characteristics in the progression of Parkinson's disease},
  author={J. Holmes, Rhonda and M. Oates, Jennifer and J. Phyland, Debbie and J. Hughes, Andrew},
  journal={International Journal of Language \& Communication Disorders},
  volume={35},
  number={3},
  pages={407--418},
  year={2000},
  publisher={Wiley Online Library}
}

@article{cawley2010over,
  title={On over-fitting in model selection and subsequent selection bias in performance evaluation},
  author={Cawley, Gavin C and Talbot, Nicola LC},
  journal={Journal of Machine Learning Research},
  volume={11},
  number={Jul},
  pages={2079--2107},
  year={2010}
}

@article{roc,
  title={An introduction to ROC analysis},
  author={Fawcett, Tom},
  journal={Pattern recognition letters},
  volume={27},
  number={8},
  pages={861--874},
  year={2006},
  publisher={Elsevier}
}

@article{tool:scikit-learn,
	title={Scikit-learn: Machine Learning in {P}ython},
	author={Pedregosa, F. and Varoquaux, G. and Gramfort, A. and Michel, V.
	and Thirion, B. and Grisel, O. and Blondel, M. and Prettenhofer, P.
	and Weiss, R. and Dubourg, V. and Vanderplas, J. and Passos, A. and
	Cournapeau, D. and Brucher, M. and Perrot, M. and Duchesnay, E.},
	journal={Journal of Machine Learning Research},
	volume={12},
	pages={2825--2830},
	year={2011}
}

@Misc{tool:scipy,
	author =    {Eric Jones and Travis Oliphant and Pearu Peterson and others},
	title =     {{SciPy}: Open source scientific tools for {Python}},
	year =      {2001--},
	url = "http://www.scipy.org/",
	note = "[Internet; descargado 26-junio-2019]"
}

@book{tool:numpy,
	title={A guide to NumPy},
	author={Oliphant, Travis E},
	volume={1},
	year={2006},
	publisher={Trelgol Publishing USA}
}

@article{tool:matplotlib,
	title={Matplotlib: A 2D graphics environment},
	author={Hunter, John D},
	journal={Computing in science \& engineering},
	volume={9},
	number={3},
	pages={90--95},
	year={2007},
	publisher={IEEE}
}

@inproceedings{tool:pandas,
	title={Data structures for statistical computing in python},
	author={McKinney, Wes and others},
	booktitle={Proceedings of the 9th Python in Science Conference},
	volume={445},
	pages={51--56},
	year={2010},
	organization={Austin, TX}
}

@misc{ wiki:keras,
       author = "Wikipedia",
       title = "Keras --- Wikipedia{,} La enciclopedia libre",
       year = "2019",
       url = "https://es.wikipedia.org/wiki/Keras",
       note = "[Internet; descargado 26-junio-2019]"
}

@inproceedings{vggish,
  title={CNN architectures for large-scale audio classification},
  author={Hershey, Shawn and Chaudhuri, Sourish and Ellis, Daniel PW and Gemmeke, Jort F and Jansen, Aren and Moore, R Channing and Plakal, Manoj and Platt, Devin and Saurous, Rif A and Seybold, Bryan and others},
  booktitle={2017 ieee international conference on acoustics, speech and signal processing (icassp)},
  pages={131--135},
  year={2017},
  organization={IEEE}
}

@inproceedings{audioset,
title	= {Audio Set: An ontology and human-labeled dataset for audio events},
author	= {Jort F. Gemmeke and Daniel P. W. Ellis and Dylan Freedman and Aren Jansen and Wade Lawrence and R. Channing Moore and Manoj Plakal and Marvin Ritter},
year	= {2017},
booktitle	= {Proc. IEEE ICASSP 2017},
address	= {New Orleans, LA}
}


