@article{giovanni1,
  title={VoxTester, software for digital evaluation of speech changes in Parkinson disease},
  author={Giovanni Dimauro and Vincenzo Di Nicola and Vitoantonio Bevilacqua and Francesco Girardi and Vito Napoletano},
  journal={Proc. IEEE Int. Symp. Med. Meas. Appl. (MeMeA)},
  pages={1-6},
  year={2016},
  publisher={IEEE},
  DOI={10.1109/MeMeA.2016.7533761}
}

@article{giovanni2,
  title={Assessment of Speech Intelligibility in Parkinson’s Disease Using a Speech-To-Text System},
  author={Giovanni Dimauro and Vincenzo Di Nicola and Vitoantonio Bevilacqua and Danilo Caivano and Francesco Girardi},
  journal={IEEE Access}, 
  pages={22199-22208},
  year={2017},
  publisher={IEEE},
  eid={10.1109/ACCESS.2017.2762475}
}


@article{Orz2016,
  title={Automatic detection of Parkinson’s disease in running speech spoken in three different languages},
  author={J. R. Orozco-Arroyave and F. Hönig and J. D. Arias-Londoño and J. F. Vargas-Bonilla and K. Daqrouq and S. Skodda and J. Rusz and E. Nöth},
  journal={The Journal of the Acoustical Society of America}, 
  volume={139},
  pages={481-500},
  month={Enero},
  year={2016}
}

@misc{osterwalder2007business,
  title={Business model design and innovation},
  author={Osterwalder, Alex},
  journal={2007-11-10)[2012-10-12]. http://business-model-design. blogpot, corn},
  year={2007}
}


@article{OrzCorpus,
  title={New Spanish speech corpus database for the analysis of people suffering from Parkinson’s disease},
  author={J. R. Orozco-Arroyave and J. D. Arias-Londoño and J. F. Vargas-Bonilla and M. González-Rátiva and E. Nöth},
  journal={Proceedings of the 9th Language Resources and Evaluation Conference (LREC)}, 
  pages={342-347},
  year={2014}
}
